[gd_scene load_steps=19 format=3 uid="uid://bpagv1u8arwju"]

[ext_resource type="Texture2D" uid="uid://bbyvomvx0wkju" path="res://tilemap.png" id="1_vdt3w"]
[ext_resource type="Script" path="res://map_tile.gd" id="2_a21hf"]
[ext_resource type="Texture2D" uid="uid://c370fd7a0bsro" path="res://tile-highlight.png" id="3_i316a"]

[sub_resource type="AtlasTexture" id="AtlasTexture_4xii8"]
atlas = ExtResource("1_vdt3w")
region = Rect2(0, 0, 40, 40)

[sub_resource type="AtlasTexture" id="AtlasTexture_8rgrh"]
atlas = ExtResource("1_vdt3w")
region = Rect2(40, 40, 40, 40)

[sub_resource type="AtlasTexture" id="AtlasTexture_ks7ek"]
atlas = ExtResource("1_vdt3w")
region = Rect2(0, 0, 40, 40)

[sub_resource type="AtlasTexture" id="AtlasTexture_vex0e"]
atlas = ExtResource("1_vdt3w")
region = Rect2(80, 0, 40, 40)

[sub_resource type="AtlasTexture" id="AtlasTexture_rinsl"]
atlas = ExtResource("1_vdt3w")
region = Rect2(40, 0, 40, 40)

[sub_resource type="AtlasTexture" id="AtlasTexture_11gbt"]
atlas = ExtResource("1_vdt3w")
region = Rect2(80, 40, 40, 40)

[sub_resource type="AtlasTexture" id="AtlasTexture_442qh"]
atlas = ExtResource("1_vdt3w")
region = Rect2(0, 40, 40, 40)

[sub_resource type="SpriteFrames" id="SpriteFrames_rppk0"]
animations = [{
"frames": [{
"duration": 1.0,
"texture": SubResource("AtlasTexture_8rgrh")
}],
"loop": true,
"name": &"forest",
"speed": 5.0
}, {
"frames": [{
"duration": 1.0,
"texture": SubResource("AtlasTexture_ks7ek")
}],
"loop": true,
"name": &"grassland",
"speed": 5.0
}, {
"frames": [{
"duration": 1.0,
"texture": SubResource("AtlasTexture_vex0e")
}],
"loop": true,
"name": &"lake",
"speed": 5.0
}, {
"frames": [{
"duration": 1.0,
"texture": SubResource("AtlasTexture_rinsl")
}],
"loop": true,
"name": &"mountain",
"speed": 5.0
}, {
"frames": [{
"duration": 1.0,
"texture": SubResource("AtlasTexture_11gbt")
}],
"loop": true,
"name": &"spring",
"speed": 5.0
}, {
"frames": [{
"duration": 1.0,
"texture": SubResource("AtlasTexture_442qh")
}],
"loop": true,
"name": &"volcano",
"speed": 5.0
}]

[sub_resource type="AtlasTexture" id="AtlasTexture_yl1do"]
atlas = ExtResource("3_i316a")
region = Rect2(40, 0, 40, 40)

[sub_resource type="AtlasTexture" id="AtlasTexture_mues6"]
atlas = ExtResource("3_i316a")
region = Rect2(0, 0, 40, 40)

[sub_resource type="AtlasTexture" id="AtlasTexture_518x4"]
atlas = ExtResource("3_i316a")
region = Rect2(0, 40, 40, 40)

[sub_resource type="AtlasTexture" id="AtlasTexture_wgqcy"]
atlas = ExtResource("3_i316a")
region = Rect2(0, 80, 40, 40)

[sub_resource type="AtlasTexture" id="AtlasTexture_tk5eg"]
atlas = ExtResource("3_i316a")
region = Rect2(40, 80, 40, 40)

[sub_resource type="SpriteFrames" id="SpriteFrames_jy63s"]
animations = [{
"frames": [{
"duration": 1.0,
"texture": SubResource("AtlasTexture_yl1do")
}],
"loop": true,
"name": &"actionable",
"speed": 5.0
}, {
"frames": [{
"duration": 1.0,
"texture": SubResource("AtlasTexture_mues6")
}],
"loop": false,
"name": &"default",
"speed": 5.0
}, {
"frames": [{
"duration": 1.0,
"texture": SubResource("AtlasTexture_518x4")
}],
"loop": true,
"name": &"movement",
"speed": 5.0
}, {
"frames": [{
"duration": 1.0,
"texture": SubResource("AtlasTexture_wgqcy")
}, {
"duration": 1.0,
"texture": SubResource("AtlasTexture_tk5eg")
}],
"loop": true,
"name": &"selected",
"speed": 5.0
}]

[sub_resource type="AtlasTexture" id="AtlasTexture_d0t4p"]
atlas = ExtResource("1_vdt3w")
region = Rect2(0, 80, 40, 40)

[node name="MapTile" type="Node2D"]
script = ExtResource("2_a21hf")

[node name="TerrainSprite" type="Sprite2D" parent="."]
texture = SubResource("AtlasTexture_4xii8")

[node name="TileSprite" type="AnimatedSprite2D" parent="."]
sprite_frames = SubResource("SpriteFrames_rppk0")
animation = &"forest"

[node name="MouseoverHighlight" type="AnimatedSprite2D" parent="."]
sprite_frames = SubResource("SpriteFrames_jy63s")

[node name="ActiveHighlight" type="AnimatedSprite2D" parent="."]
sprite_frames = SubResource("SpriteFrames_jy63s")
animation = &"selected"

[node name="OwnerFlag" type="Sprite2D" parent="."]
texture = SubResource("AtlasTexture_d0t4p")
